[{"fiscalQuarter":"Q3 2025","periodEnding":"Sep '25 Sep 30, 2025","revenue":"3,631.43","revenueGrowthyoy":"36.96%","costOfRevenue":"1,489.74","grossProfit":"2,141.69","sellingGeneralAdmin":"105","researchDevelopment":"238.8","otherOperatingExpenses":"-0.69","operatingExpenses":"343.11","operatingIncome":"1,798.57","interestExpense":"-11.85","interestInvestmentIncome":"100.5","earningsFromEquityInvestments":"5.3","currencyExchangeGainloss":"9.93","otherNonOperatingIncomeexpenses":"-2.05","ebtExcludingUnusualItems":"1,900.42","mergerRestructuringCharges":"-","impairmentOfGoodwill":"-","gainlossOnSaleOfInvestments":"-0.48","gainlossOnSaleOfAssets":"-0.17","assetWritedown":"-1.67","otherUnusualItems":"-","pretaxIncome":"1,898.1","incomeTaxExpense":"328.56","earningsFromContinuingOperations":"1,569.54","minorityInterestInEarnings":"2.39","netIncome":"1,571.93","netIncomeToCommon":"1,571.93","netIncomeGrowth":"49.63%","sharesOutstandingbasic":"26","sharesOutstandingdiluted":"26","sharesChangeyoy":"0.00%","epsbasic":"60.63","epsdiluted":"60.62","epsGrowth":"49.62%","freeCashFlow":"892.22","freeCashFlowPerShare":"34.41","dividendPerShare":"20.500","dividendGrowth":"28.13%","grossMargin":"58.98%","operatingMargin":"49.53%","profitMargin":"43.29%","freeCashFlowMargin":"24.57%","ebitda":"2,484.71","ebitdaMargin":"68.42%","daForEbitda":"686.14","ebit":"1,798.57","ebitMargin":"49.53%","effectiveTaxRate":"17.31%"},{"fiscalQuarter":"Q2 2025","periodEnding":"Jun '25 Jun 30, 2025","revenue":"3,401.2","revenueGrowthyoy":"39.48%","costOfRevenue":"1,408.71","grossProfit":"1,992.49","sellingGeneralAdmin":"107.27","researchDevelopment":"227.84","otherOperatingExpenses":"-1.28","operatingExpenses":"333.83","operatingIncome":"1,658.65","interestExpense":"-11.53","interestInvestmentIncome":"96.93","earningsFromEquityInvestments":"5.44","currencyExchangeGainloss":"3.37","otherNonOperatingIncomeexpenses":"6.45","ebtExcludingUnusualItems":"1,759.32","mergerRestructuringCharges":"-","impairmentOfGoodwill":"-","gainlossOnSaleOfInvestments":"-0.56","gainlossOnSaleOfAssets":"-0.17","assetWritedown":"-1.67","otherUnusualItems":"-","pretaxIncome":"1,756.92","incomeTaxExpense":"314.05","earningsFromContinuingOperations":"1,442.87","minorityInterestInEarnings":"2.02","netIncome":"1,444.89","netIncomeToCommon":"1,444.89","netIncomeGrowth":"54.32%","sharesOutstandingbasic":"26","sharesOutstandingdiluted":"26","sharesChangeyoy":"-0.00%","epsbasic":"55.73","epsdiluted":"55.72","epsGrowth":"54.31%","freeCashFlow":"937.76","freeCashFlowPerShare":"36.17","dividendPerShare":"19.000","dividendGrowth":"26.66%","grossMargin":"58.58%","operatingMargin":"48.77%","profitMargin":"42.48%","freeCashFlowMargin":"27.57%","ebitda":"2,350.78","ebitdaMargin":"69.12%","daForEbitda":"692.12","ebit":"1,658.65","ebitMargin":"48.77%","effectiveTaxRate":"17.88%"},{"fiscalQuarter":"Q1 2025","periodEnding":"Mar '25 Mar 31, 2025","revenue":"3,140.92","revenueGrowthyoy":"39.86%","costOfRevenue":"1,337.67","grossProfit":"1,803.24","sellingGeneralAdmin":"106.28","researchDevelopment":"214.62","otherOperatingExpenses":"1.08","operatingExpenses":"321.98","operatingIncome":"1,481.27","interestExpense":"-10.47","interestInvestmentIncome":"92.71","earningsFromEquityInvestments":"5.37","currencyExchangeGainloss":"10.34","otherNonOperatingIncomeexpenses":"-7.05","ebtExcludingUnusualItems":"1,572.17","mergerRestructuringCharges":"-","impairmentOfGoodwill":"-","gainlossOnSaleOfInvestments":"-0.66","gainlossOnSaleOfAssets":"-0.17","assetWritedown":"-1.15","otherUnusualItems":"-","pretaxIncome":"1,570.19","incomeTaxExpense":"277.16","earningsFromContinuingOperations":"1,293.04","minorityInterestInEarnings":"1.42","netIncome":"1,294.46","netIncomeToCommon":"1,294.46","netIncomeGrowth":"48.75%","sharesOutstandingbasic":"26","sharesOutstandingdiluted":"26","sharesChangeyoy":"-","epsbasic":"49.93","epsdiluted":"49.91","epsGrowth":"48.71%","freeCashFlow":"909.91","freeCashFlowPerShare":"35.09","dividendPerShare":"18.000","dividendGrowth":"28.57%","grossMargin":"57.41%","operatingMargin":"47.16%","profitMargin":"41.21%","freeCashFlowMargin":"28.97%","ebitda":"2,150.92","ebitdaMargin":"68.48%","daForEbitda":"669.66","ebit":"1,481.27","ebitMargin":"47.16%","effectiveTaxRate":"17.65%"},{"fiscalQuarter":"Q4 2024","periodEnding":"Dec '24 Dec 31, 2024","revenue":"2,894.31","revenueGrowthyoy":"33.89%","costOfRevenue":"1,269.95","grossProfit":"1,624.35","sellingGeneralAdmin":"96.89","researchDevelopment":"204.18","otherOperatingExpenses":"0.08","operatingExpenses":"301.15","operatingIncome":"1,323.2","interestExpense":"-10.5","interestInvestmentIncome":"87.21","earningsFromEquityInvestments":"4.88","currencyExchangeGainloss":"10","otherNonOperatingIncomeexpenses":"-7.09","ebtExcludingUnusualItems":"1,407.72","mergerRestructuringCharges":"-","impairmentOfGoodwill":"-","gainlossOnSaleOfInvestments":"-0.73","gainlossOnSaleOfAssets":"-","assetWritedown":"-1.15","otherUnusualItems":"-","pretaxIncome":"1,405.84","incomeTaxExpense":"248.32","earningsFromContinuingOperations":"1,157.52","minorityInterestInEarnings":"0.86","netIncome":"1,158.38","netIncomeToCommon":"1,158.38","netIncomeGrowth":"36.00%","sharesOutstandingbasic":"26","sharesOutstandingdiluted":"26","sharesChangeyoy":"0.00%","epsbasic":"44.68","epsdiluted":"44.67","epsGrowth":"35.99%","freeCashFlow":"870.17","freeCashFlowPerShare":"33.56","dividendPerShare":"17.000","dividendGrowth":"30.77%","grossMargin":"56.12%","operatingMargin":"45.72%","profitMargin":"40.02%","freeCashFlowMargin":"30.06%","ebitda":"1,976.85","ebitdaMargin":"68.30%","daForEbitda":"653.65","ebit":"1,323.2","ebitMargin":"45.72%","effectiveTaxRate":"17.66%"},{"fiscalQuarter":"Q3 2024","periodEnding":"Sep '24 Sep 30, 2024","revenue":"2,651.38","revenueGrowthyoy":"22.65%","costOfRevenue":"1,207.63","grossProfit":"1,443.74","sellingGeneralAdmin":"88.99","researchDevelopment":"197.36","otherOperatingExpenses":"-0.3","operatingExpenses":"286.05","operatingIncome":"1,157.7","interestExpense":"-10.89","interestInvestmentIncome":"80.35","earningsFromEquityInvestments":"5.05","currencyExchangeGainloss":"4.74","otherNonOperatingIncomeexpenses":"0.08","ebtExcludingUnusualItems":"1,237.02","mergerRestructuringCharges":"-","impairmentOfGoodwill":"-","gainlossOnSaleOfInvestments":"-0.4","gainlossOnSaleOfAssets":"-","assetWritedown":"-1.15","otherUnusualItems":"-","pretaxIncome":"1,235.47","incomeTaxExpense":"185.94","earningsFromContinuingOperations":"1,049.53","minorityInterestInEarnings":"1.01","netIncome":"1,050.54","netIncomeToCommon":"1,050.54","netIncomeGrowth":"20.46%","sharesOutstandingbasic":"26","sharesOutstandingdiluted":"26","sharesChangeyoy":"0.00%","epsbasic":"40.52","epsdiluted":"40.52","epsGrowth":"20.48%","freeCashFlow":"836.58","freeCashFlowPerShare":"32.26","dividendPerShare":"16.000","dividendGrowth":"30.61%","grossMargin":"54.45%","operatingMargin":"43.66%","profitMargin":"39.62%","freeCashFlowMargin":"31.55%","ebitda":"1,791.71","ebitdaMargin":"67.58%","daForEbitda":"634.01","ebit":"1,157.7","ebitMargin":"43.66%","effectiveTaxRate":"15.05%"},{"fiscalQuarter":"Q2 2024","periodEnding":"Jun '24 Jun 30, 2024","revenue":"2,438.42","revenueGrowthyoy":"9.44%","costOfRevenue":"1,137.38","grossProfit":"1,301.04","sellingGeneralAdmin":"80.27","researchDevelopment":"195.71","otherOperatingExpenses":"0.06","operatingExpenses":"276.05","operatingIncome":"1,024.99","interestExpense":"-11.37","interestInvestmentIncome":"73.34","earningsFromEquityInvestments":"4.66","currencyExchangeGainloss":"3.74","otherNonOperatingIncomeexpenses":"-0.56","ebtExcludingUnusualItems":"1,094.81","mergerRestructuringCharges":"-","impairmentOfGoodwill":"-","gainlossOnSaleOfInvestments":"-0.44","gainlossOnSaleOfAssets":"-","assetWritedown":"-1.15","otherUnusualItems":"-","pretaxIncome":"1,093.22","incomeTaxExpense":"157.98","earningsFromContinuingOperations":"935.24","minorityInterestInEarnings":"1.04","netIncome":"936.28","netIncomeToCommon":"936.28","netIncomeGrowth":"-0.60%","sharesOutstandingbasic":"26","sharesOutstandingdiluted":"26","sharesChangeyoy":"0.00%","epsbasic":"36.11","epsdiluted":"36.11","epsGrowth":"-0.58%","freeCashFlow":"719.69","freeCashFlowPerShare":"27.75","dividendPerShare":"15.000","dividendGrowth":"30.44%","grossMargin":"53.36%","operatingMargin":"42.03%","profitMargin":"38.40%","freeCashFlowMargin":"29.52%","ebitda":"1,638.04","ebitdaMargin":"67.18%","daForEbitda":"613.04","ebit":"1,024.99","ebitMargin":"42.03%","effectiveTaxRate":"14.45%"},{"fiscalQuarter":"Q1 2024","periodEnding":"Mar '24 Mar 31, 2024","revenue":"2,245.75","revenueGrowthyoy":"-1.57%","costOfRevenue":"1,042.63","grossProfit":"1,203.12","sellingGeneralAdmin":"74.56","researchDevelopment":"189.32","otherOperatingExpenses":"-0.01","operatingExpenses":"263.87","operatingIncome":"939.25","interestExpense":"-11.73","interestInvestmentIncome":"66.04","earningsFromEquityInvestments":"4.64","currencyExchangeGainloss":"0.56","otherNonOperatingIncomeexpenses":"3.3","ebtExcludingUnusualItems":"1,002.05","mergerRestructuringCharges":"-","impairmentOfGoodwill":"-","gainlossOnSaleOfInvestments":"-0.46","gainlossOnSaleOfAssets":"-","assetWritedown":"-","otherUnusualItems":"-","pretaxIncome":"1,001.58","incomeTaxExpense":"132.28","earningsFromContinuingOperations":"869.3","minorityInterestInEarnings":"0.94","netIncome":"870.24","netIncomeToCommon":"870.24","netIncomeGrowth":"-12.73%","sharesOutstandingbasic":"26","sharesOutstandingdiluted":"26","sharesChangeyoy":"-","epsbasic":"33.56","epsdiluted":"33.56","epsGrowth":"-12.71%","freeCashFlow":"464.41","freeCashFlowPerShare":"17.91","dividendPerShare":"14.000","dividendGrowth":"24.44%","grossMargin":"53.57%","operatingMargin":"41.82%","profitMargin":"38.75%","freeCashFlowMargin":"20.68%","ebitda":"1,511.09","ebitdaMargin":"67.29%","daForEbitda":"571.84","ebit":"939.25","ebitMargin":"41.82%","effectiveTaxRate":"13.21%"},{"fiscalQuarter":"Q4 2023","periodEnding":"Dec '23 Dec 31, 2023","revenue":"2,161.74","revenueGrowthyoy":"-4.51%","costOfRevenue":"986.63","grossProfit":"1,175.11","sellingGeneralAdmin":"71.46","researchDevelopment":"182.37","otherOperatingExpenses":"-0.19","operatingExpenses":"253.65","operatingIncome":"921.47","interestExpense":"-12","interestInvestmentIncome":"60.29","earningsFromEquityInvestments":"4.8","currencyExchangeGainloss":"-2.69","otherNonOperatingIncomeexpenses":"7.94","ebtExcludingUnusualItems":"979.81","mergerRestructuringCharges":"-","impairmentOfGoodwill":"-","gainlossOnSaleOfInvestments":"-0.49","gainlossOnSaleOfAssets":"-","assetWritedown":"-","otherUnusualItems":"-","pretaxIncome":"979.32","incomeTaxExpense":"128.29","earningsFromContinuingOperations":"851.03","minorityInterestInEarnings":"0.71","netIncome":"851.74","netIncomeToCommon":"851.74","netIncomeGrowth":"-14.22%","sharesOutstandingbasic":"26","sharesOutstandingdiluted":"26","sharesChangeyoy":"-","epsbasic":"32.85","epsdiluted":"32.85","epsGrowth":"-14.21%","freeCashFlow":"292.15","freeCashFlowPerShare":"11.27","dividendPerShare":"13.000","dividendGrowth":"18.18%","grossMargin":"54.36%","operatingMargin":"42.63%","profitMargin":"39.40%","freeCashFlowMargin":"13.51%","ebitda":"1,444.89","ebitdaMargin":"66.84%","daForEbitda":"523.42","ebit":"921.47","ebitMargin":"42.63%","effectiveTaxRate":"13.10%"},{"fiscalQuarter":"Q3 2023","periodEnding":"Sep '23 Sep 30, 2023","revenue":"2,161.74","revenueGrowthyoy":"4.10%","costOfRevenue":"929.21","grossProfit":"1,232.53","sellingGeneralAdmin":"70.2","researchDevelopment":"176.55","otherOperatingExpenses":"-0.52","operatingExpenses":"246.23","operatingIncome":"986.3","interestExpense":"-12.42","interestInvestmentIncome":"53.47","earningsFromEquityInvestments":"4.96","currencyExchangeGainloss":"-3.19","otherNonOperatingIncomeexpenses":"6.81","ebtExcludingUnusualItems":"1,035.94","mergerRestructuringCharges":"-","impairmentOfGoodwill":"-","gainlossOnSaleOfInvestments":"-0.5","gainlossOnSaleOfAssets":"-","assetWritedown":"0","otherUnusualItems":"-","pretaxIncome":"1,035.44","incomeTaxExpense":"163.71","earningsFromContinuingOperations":"871.73","minorityInterestInEarnings":"0.35","netIncome":"872.08","netIncomeToCommon":"872.08","netIncomeGrowth":"-1.20%","sharesOutstandingbasic":"26","sharesOutstandingdiluted":"26","sharesChangeyoy":"-0.00%","epsbasic":"33.63","epsdiluted":"33.63","epsGrowth":"-1.20%","freeCashFlow":"217.52","freeCashFlowPerShare":"8.39","dividendPerShare":"12.250","dividendGrowth":"11.36%","grossMargin":"57.02%","operatingMargin":"45.63%","profitMargin":"40.34%","freeCashFlowMargin":"10.06%","ebitda":"1,466.88","ebitdaMargin":"67.86%","daForEbitda":"480.58","ebit":"986.3","ebitMargin":"45.63%","effectiveTaxRate":"15.81%"},{"fiscalQuarter":"Q2 2023","periodEnding":"Jun '23 Jun 30, 2023","revenue":"2,228.15","revenueGrowthyoy":"18.64%","costOfRevenue":"921.76","grossProfit":"1,306.38","sellingGeneralAdmin":"69.84","researchDevelopment":"168.39","otherOperatingExpenses":"-0.4","operatingExpenses":"237.82","operatingIncome":"1,068.56","interestExpense":"-12.67","interestInvestmentIncome":"44.49","earningsFromEquityInvestments":"5.87","currencyExchangeGainloss":"-6.15","otherNonOperatingIncomeexpenses":"10.56","ebtExcludingUnusualItems":"1,110.66","mergerRestructuringCharges":"-","impairmentOfGoodwill":"-","gainlossOnSaleOfInvestments":"-0.47","gainlossOnSaleOfAssets":"-","assetWritedown":"0","otherUnusualItems":"-","pretaxIncome":"1,110.19","incomeTaxExpense":"168.28","earningsFromContinuingOperations":"941.91","minorityInterestInEarnings":"0.04","netIncome":"941.95","netIncomeToCommon":"941.95","netIncomeGrowth":"24.26%","sharesOutstandingbasic":"26","sharesOutstandingdiluted":"26","sharesChangeyoy":"-0.00%","epsbasic":"36.33","epsdiluted":"36.32","epsGrowth":"24.26%","freeCashFlow":"296.23","freeCashFlowPerShare":"11.42","dividendPerShare":"11.500","dividendGrowth":"4.54%","grossMargin":"58.63%","operatingMargin":"47.96%","profitMargin":"42.27%","freeCashFlowMargin":"13.30%","ebitda":"1,507.45","ebitdaMargin":"67.66%","daForEbitda":"438.89","ebit":"1,068.56","ebitMargin":"47.96%","effectiveTaxRate":"15.16%"},{"fiscalQuarter":"Q1 2023","periodEnding":"Mar '23 Mar 31, 2023","revenue":"2,281.45","revenueGrowthyoy":"32.95%","costOfRevenue":"919.8","grossProfit":"1,361.65","sellingGeneralAdmin":"67.03","researchDevelopment":"166.37","otherOperatingExpenses":"-0.48","operatingExpenses":"232.93","operatingIncome":"1,128.73","interestExpense":"-12.57","interestInvestmentIncome":"34.37","earningsFromEquityInvestments":"6.99","currencyExchangeGainloss":"2.72","otherNonOperatingIncomeexpenses":"1.74","ebtExcludingUnusualItems":"1,161.97","mergerRestructuringCharges":"-","impairmentOfGoodwill":"-","gainlossOnSaleOfInvestments":"-0.45","gainlossOnSaleOfAssets":"-","assetWritedown":"0","otherUnusualItems":"-","pretaxIncome":"1,161.52","incomeTaxExpense":"164.15","earningsFromContinuingOperations":"997.37","minorityInterestInEarnings":"-0.19","netIncome":"997.18","netIncomeToCommon":"997.18","netIncomeGrowth":"52.15%","sharesOutstandingbasic":"26","sharesOutstandingdiluted":"26","sharesChangeyoy":"-0.00%","epsbasic":"38.46","epsdiluted":"38.45","epsGrowth":"52.16%","freeCashFlow":"500.64","freeCashFlowPerShare":"19.31","dividendPerShare":"11.250","dividendGrowth":"2.27%","grossMargin":"59.68%","operatingMargin":"49.47%","profitMargin":"43.71%","freeCashFlowMargin":"21.94%","ebitda":"1,557.14","ebitdaMargin":"68.25%","daForEbitda":"428.41","ebit":"1,128.73","ebitMargin":"49.47%","effectiveTaxRate":"14.13%"},{"fiscalQuarter":"Q4 2022","periodEnding":"Dec '22 Dec 31, 2022","revenue":"2,263.89","revenueGrowthyoy":"42.61%","costOfRevenue":"915.54","grossProfit":"1,348.35","sellingGeneralAdmin":"63.45","researchDevelopment":"163.26","otherOperatingExpenses":"-0.42","operatingExpenses":"226.29","operatingIncome":"1,122.07","interestExpense":"-11.75","interestInvestmentIncome":"22.42","earningsFromEquityInvestments":"7.68","currencyExchangeGainloss":"4.51","otherNonOperatingIncomeexpenses":"0.4","ebtExcludingUnusualItems":"1,145.33","mergerRestructuringCharges":"-","impairmentOfGoodwill":"-","gainlossOnSaleOfInvestments":"-0.46","gainlossOnSaleOfAssets":"-","assetWritedown":"-0.79","otherUnusualItems":"-","pretaxIncome":"1,144.07","incomeTaxExpense":"150.78","earningsFromContinuingOperations":"993.29","minorityInterestInEarnings":"-0.37","netIncome":"992.92","netIncomeToCommon":"992.92","netIncomeGrowth":"67.62%","sharesOutstandingbasic":"26","sharesOutstandingdiluted":"26","sharesChangeyoy":"-0.00%","epsbasic":"38.29","epsdiluted":"38.29","epsGrowth":"67.64%","freeCashFlow":"527.93","freeCashFlowPerShare":"20.36","dividendPerShare":"11.000","dividendGrowth":"-","grossMargin":"59.56%","operatingMargin":"49.56%","profitMargin":"43.86%","freeCashFlowMargin":"23.32%","ebitda":"1,551.48","ebitdaMargin":"68.53%","daForEbitda":"429.41","ebit":"1,122.07","ebitMargin":"49.56%","effectiveTaxRate":"13.18%"},{"fiscalQuarter":"Q3 2022","periodEnding":"Sep '22 Sep 30, 2022","revenue":"2,076.55","revenueGrowthyoy":"37.45%","costOfRevenue":"886.62","grossProfit":"1,189.92","sellingGeneralAdmin":"59.14","researchDevelopment":"150.91","otherOperatingExpenses":"0.07","operatingExpenses":"210.12","operatingIncome":"979.8","interestExpense":"-10.59","interestInvestmentIncome":"13.3","earningsFromEquityInvestments":"7.62","currencyExchangeGainloss":"9.67","otherNonOperatingIncomeexpenses":"-4.29","ebtExcludingUnusualItems":"995.51","mergerRestructuringCharges":"-","impairmentOfGoodwill":"-","gainlossOnSaleOfInvestments":"-0.47","gainlossOnSaleOfAssets":"-","assetWritedown":"-0.79","otherUnusualItems":"-","pretaxIncome":"994.25","incomeTaxExpense":"111.05","earningsFromContinuingOperations":"883.2","minorityInterestInEarnings":"-0.53","netIncome":"882.68","netIncomeToCommon":"882.68","netIncomeGrowth":"55.97%","sharesOutstandingbasic":"26","sharesOutstandingdiluted":"26","sharesChangeyoy":"-0.00%","epsbasic":"34.04","epsdiluted":"34.04","epsGrowth":"56.00%","freeCashFlow":"520.53","freeCashFlowPerShare":"20.07","dividendPerShare":"11.000","dividendGrowth":"2.33%","grossMargin":"57.30%","operatingMargin":"47.18%","profitMargin":"42.51%","freeCashFlowMargin":"25.07%","ebitda":"1,412.54","ebitdaMargin":"68.02%","daForEbitda":"432.74","ebit":"979.8","ebitMargin":"47.18%","effectiveTaxRate":"11.17%"},{"fiscalQuarter":"Q2 2022","periodEnding":"Jun '22 Jun 30, 2022","revenue":"1,878.08","revenueGrowthyoy":"29.30%","costOfRevenue":"845.9","grossProfit":"1,032.17","sellingGeneralAdmin":"52.71","researchDevelopment":"138.8","otherOperatingExpenses":"0.18","operatingExpenses":"191.69","operatingIncome":"840.48","interestExpense":"-8.55","interestInvestmentIncome":"8.04","earningsFromEquityInvestments":"7.06","currencyExchangeGainloss":"17.15","otherNonOperatingIncomeexpenses":"-11.62","ebtExcludingUnusualItems":"852.55","mergerRestructuringCharges":"-","impairmentOfGoodwill":"-","gainlossOnSaleOfInvestments":"-0.34","gainlossOnSaleOfAssets":"-","assetWritedown":"-0.79","otherUnusualItems":"-","pretaxIncome":"851.41","incomeTaxExpense":"92.7","earningsFromContinuingOperations":"758.71","minorityInterestInEarnings":"-0.64","netIncome":"758.07","netIncomeToCommon":"758.07","netIncomeGrowth":"38.59%","sharesOutstandingbasic":"26","sharesOutstandingdiluted":"26","sharesChangeyoy":"-0.00%","epsbasic":"29.24","epsdiluted":"29.23","epsGrowth":"38.57%","freeCashFlow":"503.87","freeCashFlowPerShare":"19.43","dividendPerShare":"11.000","dividendGrowth":"4.76%","grossMargin":"54.96%","operatingMargin":"44.75%","profitMargin":"40.36%","freeCashFlowMargin":"26.83%","ebitda":"1,275.09","ebitdaMargin":"67.89%","daForEbitda":"434.61","ebit":"840.48","ebitMargin":"44.75%","effectiveTaxRate":"10.89%"},{"fiscalQuarter":"Q1 2022","periodEnding":"Mar '22 Mar 31, 2022","revenue":"1,716.08","revenueGrowthyoy":"23.36%","costOfRevenue":"813.18","grossProfit":"902.9","sellingGeneralAdmin":"48.7","researchDevelopment":"130.03","otherOperatingExpenses":"0.16","operatingExpenses":"178.88","operatingIncome":"724.02","interestExpense":"-6.78","interestInvestmentIncome":"5.92","earningsFromEquityInvestments":"5.97","currencyExchangeGainloss":"9.93","otherNonOperatingIncomeexpenses":"-3.41","ebtExcludingUnusualItems":"735.65","mergerRestructuringCharges":"-","impairmentOfGoodwill":"-","gainlossOnSaleOfInvestments":"-0.06","gainlossOnSaleOfAssets":"-","assetWritedown":"-0.79","otherUnusualItems":"-","pretaxIncome":"734.8","incomeTaxExpense":"78.79","earningsFromContinuingOperations":"656.02","minorityInterestInEarnings":"-0.61","netIncome":"655.4","netIncomeToCommon":"655.4","netIncomeGrowth":"22.86%","sharesOutstandingbasic":"26","sharesOutstandingdiluted":"26","sharesChangeyoy":"-0.00%","epsbasic":"25.28","epsdiluted":"25.27","epsGrowth":"22.84%","freeCashFlow":"403.21","freeCashFlowPerShare":"15.55","dividendPerShare":"11.000","dividendGrowth":"7.32%","grossMargin":"52.61%","operatingMargin":"42.19%","profitMargin":"38.19%","freeCashFlowMargin":"23.50%","ebitda":"1,149.42","ebitdaMargin":"66.98%","daForEbitda":"425.4","ebit":"724.02","ebitMargin":"42.19%","effectiveTaxRate":"10.72%"},{"fiscalQuarter":"Q4 2021","periodEnding":"Dec '21 Dec 31, 2021","revenue":"1,587.42","revenueGrowthyoy":"18.53%","costOfRevenue":"767.88","grossProfit":"819.54","sellingGeneralAdmin":"44.49","researchDevelopment":"124.73","otherOperatingExpenses":"0.06","operatingExpenses":"169.28","operatingIncome":"650.26","interestExpense":"-5.41","interestInvestmentIncome":"5.71","earningsFromEquityInvestments":"5.51","currencyExchangeGainloss":"13.66","otherNonOperatingIncomeexpenses":"-6.51","ebtExcludingUnusualItems":"663.21","mergerRestructuringCharges":"-","impairmentOfGoodwill":"-","gainlossOnSaleOfInvestments":"0.1","gainlossOnSaleOfAssets":"-","assetWritedown":"-0.27","otherUnusualItems":"-","pretaxIncome":"663.04","incomeTaxExpense":"70.16","earningsFromContinuingOperations":"592.88","minorityInterestInEarnings":"-0.52","netIncome":"592.36","netIncomeToCommon":"592.36","netIncomeGrowth":"15.98%","sharesOutstandingbasic":"26","sharesOutstandingdiluted":"26","sharesChangeyoy":"-","epsbasic":"22.84","epsdiluted":"22.84","epsGrowth":"15.96%","freeCashFlow":"272.97","freeCashFlowPerShare":"10.53","dividendPerShare":"11.000","dividendGrowth":"10.00%","grossMargin":"51.63%","operatingMargin":"40.96%","profitMargin":"37.32%","freeCashFlowMargin":"17.20%","ebitda":"1,065.77","ebitdaMargin":"67.14%","daForEbitda":"415.51","ebit":"650.26","ebitMargin":"40.96%","effectiveTaxRate":"10.58%"},{"fiscalQuarter":"Q3 2021","periodEnding":"Sep '21 Sep 30, 2021","revenue":"1,510.76","revenueGrowthyoy":"16.66%","costOfRevenue":"726.8","grossProfit":"783.95","sellingGeneralAdmin":"37.23","researchDevelopment":"122.44","otherOperatingExpenses":"-0.14","operatingExpenses":"159.53","operatingIncome":"624.42","interestExpense":"-4.01","interestInvestmentIncome":"5.9","earningsFromEquityInvestments":"5.28","currencyExchangeGainloss":"6.94","otherNonOperatingIncomeexpenses":"0.64","ebtExcludingUnusualItems":"639.17","mergerRestructuringCharges":"-","impairmentOfGoodwill":"-","gainlossOnSaleOfInvestments":"0.31","gainlossOnSaleOfAssets":"0.19","assetWritedown":"-0.28","otherUnusualItems":"-","pretaxIncome":"639.38","incomeTaxExpense":"73.01","earningsFromContinuingOperations":"566.37","minorityInterestInEarnings":"-0.44","netIncome":"565.93","netIncomeToCommon":"565.93","netIncomeGrowth":"13.22%","sharesOutstandingbasic":"26","sharesOutstandingdiluted":"26","sharesChangeyoy":"-","epsbasic":"21.83","epsdiluted":"21.82","epsGrowth":"13.20%","freeCashFlow":"300.78","freeCashFlowPerShare":"11.60","dividendPerShare":"10.750","dividendGrowth":"7.50%","grossMargin":"51.89%","operatingMargin":"41.33%","profitMargin":"37.46%","freeCashFlowMargin":"19.91%","ebitda":"1,027.16","ebitdaMargin":"67.99%","daForEbitda":"402.74","ebit":"624.42","ebitMargin":"41.33%","effectiveTaxRate":"11.42%"},{"fiscalQuarter":"Q2 2021","periodEnding":"Jun '21 Jun 30, 2021","revenue":"1,452.51","revenueGrowthyoy":"17.94%","costOfRevenue":"690.83","grossProfit":"761.69","sellingGeneralAdmin":"37.65","researchDevelopment":"121.25","otherOperatingExpenses":"-0.69","operatingExpenses":"158.22","operatingIncome":"603.47","interestExpense":"-3.05","interestInvestmentIncome":"6.44","earningsFromEquityInvestments":"4.6","currencyExchangeGainloss":"-0.33","otherNonOperatingIncomeexpenses":"8.94","ebtExcludingUnusualItems":"620.07","mergerRestructuringCharges":"-","impairmentOfGoodwill":"-","gainlossOnSaleOfInvestments":"0.69","gainlossOnSaleOfAssets":"0.19","assetWritedown":"-0.28","otherUnusualItems":"-","pretaxIncome":"620.66","incomeTaxExpense":"73.38","earningsFromContinuingOperations":"547.27","minorityInterestInEarnings":"-0.29","netIncome":"546.98","netIncomeToCommon":"546.98","netIncomeGrowth":"17.99%","sharesOutstandingbasic":"26","sharesOutstandingdiluted":"26","sharesChangeyoy":"-","epsbasic":"21.09","epsdiluted":"21.09","epsGrowth":"17.99%","freeCashFlow":"261.58","freeCashFlowPerShare":"10.09","dividendPerShare":"10.500","dividendGrowth":"5.00%","grossMargin":"52.44%","operatingMargin":"41.55%","profitMargin":"37.66%","freeCashFlowMargin":"18.01%","ebitda":"994.16","ebitdaMargin":"68.44%","daForEbitda":"390.69","ebit":"603.47","ebitMargin":"41.55%","effectiveTaxRate":"11.82%"},{"fiscalQuarter":"Q1 2021","periodEnding":"Mar '21 Mar 31, 2021","revenue":"1,391.07","revenueGrowthyoy":"19.73%","costOfRevenue":"650.88","grossProfit":"740.19","sellingGeneralAdmin":"36.57","researchDevelopment":"115.27","otherOperatingExpenses":"-0.56","operatingExpenses":"151.29","operatingIncome":"588.9","interestExpense":"-2.32","interestInvestmentIncome":"7.49","earningsFromEquityInvestments":"4.1","currencyExchangeGainloss":"1.79","otherNonOperatingIncomeexpenses":"6.53","ebtExcludingUnusualItems":"606.49","mergerRestructuringCharges":"-","impairmentOfGoodwill":"-","gainlossOnSaleOfInvestments":"1.27","gainlossOnSaleOfAssets":"0.19","assetWritedown":"-0.28","otherUnusualItems":"-","pretaxIncome":"607.66","incomeTaxExpense":"73.98","earningsFromContinuingOperations":"533.68","minorityInterestInEarnings":"-0.24","netIncome":"533.45","netIncomeToCommon":"533.45","netIncomeGrowth":"30.25%","sharesOutstandingbasic":"26","sharesOutstandingdiluted":"26","sharesChangeyoy":"-","epsbasic":"20.57","epsdiluted":"20.57","epsGrowth":"30.29%","freeCashFlow":"284.74","freeCashFlowPerShare":"10.98","dividendPerShare":"10.250","dividendGrowth":"2.50%","grossMargin":"53.21%","operatingMargin":"42.33%","profitMargin":"38.35%","freeCashFlowMargin":"20.47%","ebitda":"946.7","ebitdaMargin":"68.06%","daForEbitda":"357.8","ebit":"588.9","ebitMargin":"42.33%","effectiveTaxRate":"12.17%"},{"fiscalQuarter":"Q4 2020","periodEnding":"Dec '20 Dec 31, 2020","revenue":"1,339.25","revenueGrowthyoy":"25.17%","costOfRevenue":"628.12","grossProfit":"711.13","sellingGeneralAdmin":"35.57","researchDevelopment":"109.49","otherOperatingExpenses":"-0.71","operatingExpenses":"144.35","operatingIncome":"566.78","interestExpense":"-2.08","interestInvestmentIncome":"9.02","earningsFromEquityInvestments":"3.56","currencyExchangeGainloss":"-3.3","otherNonOperatingIncomeexpenses":"9.33","ebtExcludingUnusualItems":"583.31","mergerRestructuringCharges":"-","impairmentOfGoodwill":"-","gainlossOnSaleOfInvestments":"1.44","gainlossOnSaleOfAssets":"-","assetWritedown":"-","otherUnusualItems":"-","pretaxIncome":"584.75","incomeTaxExpense":"73.74","earningsFromContinuingOperations":"511.01","minorityInterestInEarnings":"-0.26","netIncome":"510.74","netIncomeToCommon":"510.74","netIncomeGrowth":"44.30%","sharesOutstandingbasic":"26","sharesOutstandingdiluted":"26","sharesChangeyoy":"-","epsbasic":"19.70","epsdiluted":"19.70","epsGrowth":"44.30%","freeCashFlow":"315.43","freeCashFlowPerShare":"12.16","dividendPerShare":"10.000","dividendGrowth":"5.26%","grossMargin":"53.10%","operatingMargin":"42.32%","profitMargin":"38.14%","freeCashFlowMargin":"23.55%","ebitda":"892.16","ebitdaMargin":"66.62%","daForEbitda":"325.37","ebit":"566.78","ebitMargin":"42.32%","effectiveTaxRate":"12.61%"},{"fiscalQuarter":"Q3 2020","periodEnding":"Sep '20 Sep 30, 2020","revenue":"1,294.96","revenueGrowthyoy":"24.21%","costOfRevenue":"616.36","grossProfit":"678.6","sellingGeneralAdmin":"36.5","researchDevelopment":"105.18","otherOperatingExpenses":"-1.34","operatingExpenses":"140.34","operatingIncome":"538.26","interestExpense":"-1.96","interestInvestmentIncome":"10.68","earningsFromEquityInvestments":"3.12","currencyExchangeGainloss":"1.17","otherNonOperatingIncomeexpenses":"4.18","ebtExcludingUnusualItems":"555.46","mergerRestructuringCharges":"-","impairmentOfGoodwill":"-","gainlossOnSaleOfInvestments":"1.36","gainlossOnSaleOfAssets":"-0.95","assetWritedown":"0","otherUnusualItems":"-3.4","pretaxIncome":"552.47","incomeTaxExpense":"52.37","earningsFromContinuingOperations":"500.09","minorityInterestInEarnings":"-0.26","netIncome":"499.84","netIncomeToCommon":"499.84","netIncomeGrowth":"46.52%","sharesOutstandingbasic":"26","sharesOutstandingdiluted":"26","sharesChangeyoy":"-","epsbasic":"19.28","epsdiluted":"19.28","epsGrowth":"46.59%","freeCashFlow":"177.92","freeCashFlowPerShare":"6.86","dividendPerShare":"10.000","dividendGrowth":"-33.33%","grossMargin":"52.40%","operatingMargin":"41.57%","profitMargin":"38.60%","freeCashFlowMargin":"13.74%","ebitda":"833.45","ebitdaMargin":"64.36%","daForEbitda":"295.2","ebit":"538.26","ebitMargin":"41.57%","effectiveTaxRate":"9.48%"},{"fiscalQuarter":"Q2 2020","periodEnding":"Jun '20 Jun 30, 2020","revenue":"1,231.58","revenueGrowthyoy":"21.96%","costOfRevenue":"604.03","grossProfit":"627.55","sellingGeneralAdmin":"32.7","researchDevelopment":"99.47","otherOperatingExpenses":"-0.71","operatingExpenses":"131.45","operatingIncome":"496.1","interestExpense":"-2.43","interestInvestmentIncome":"12.7","earningsFromEquityInvestments":"3.2","currencyExchangeGainloss":"5.76","otherNonOperatingIncomeexpenses":"-2.59","ebtExcludingUnusualItems":"512.74","mergerRestructuringCharges":"-","impairmentOfGoodwill":"-","gainlossOnSaleOfInvestments":"1.29","gainlossOnSaleOfAssets":"-0.95","assetWritedown":"0","otherUnusualItems":"-3.4","pretaxIncome":"509.68","incomeTaxExpense":"45.86","earningsFromContinuingOperations":"463.82","minorityInterestInEarnings":"-0.22","netIncome":"463.6","netIncomeToCommon":"463.6","netIncomeGrowth":"40.85%","sharesOutstandingbasic":"26","sharesOutstandingdiluted":"26","sharesChangeyoy":"-","epsbasic":"17.88","epsdiluted":"17.88","epsGrowth":"40.89%","freeCashFlow":"130.69","freeCashFlowPerShare":"5.04","dividendPerShare":"10.000","dividendGrowth":"-20.00%","grossMargin":"50.95%","operatingMargin":"40.28%","profitMargin":"37.64%","freeCashFlowMargin":"10.61%","ebitda":"763.28","ebitdaMargin":"61.98%","daForEbitda":"267.18","ebit":"496.1","ebitMargin":"40.28%","effectiveTaxRate":"9.00%"},{"fiscalQuarter":"Q1 2020","periodEnding":"Mar '20 Mar 31, 2020","revenue":"1,161.88","revenueGrowthyoy":"15.94%","costOfRevenue":"595.35","grossProfit":"566.53","sellingGeneralAdmin":"29.84","researchDevelopment":"95.97","otherOperatingExpenses":"-0.59","operatingExpenses":"125.22","operatingIncome":"441.31","interestExpense":"-2.88","interestInvestmentIncome":"14.77","earningsFromEquityInvestments":"3.15","currencyExchangeGainloss":"2.24","otherNonOperatingIncomeexpenses":"-1.17","ebtExcludingUnusualItems":"457.42","mergerRestructuringCharges":"-","impairmentOfGoodwill":"-","gainlossOnSaleOfInvestments":"0.76","gainlossOnSaleOfAssets":"-0.95","assetWritedown":"0","otherUnusualItems":"-3.4","pretaxIncome":"453.83","incomeTaxExpense":"44.13","earningsFromContinuingOperations":"409.7","minorityInterestInEarnings":"-0.16","netIncome":"409.54","netIncomeToCommon":"409.54","netIncomeGrowth":"22.38%","sharesOutstandingbasic":"26","sharesOutstandingdiluted":"26","sharesChangeyoy":"-","epsbasic":"15.79","epsdiluted":"15.79","epsGrowth":"22.34%","freeCashFlow":"88.46","freeCashFlowPerShare":"3.41","dividendPerShare":"10.000","dividendGrowth":"-","grossMargin":"48.76%","operatingMargin":"37.98%","profitMargin":"35.25%","freeCashFlowMargin":"7.61%","ebitda":"712.76","ebitdaMargin":"61.35%","daForEbitda":"271.46","ebit":"441.31","ebitMargin":"37.98%","effectiveTaxRate":"9.72%"},{"fiscalQuarter":"Q4 2019","periodEnding":"Dec '19 Dec 31, 2019","revenue":"1,069.99","revenueGrowthyoy":"3.73%","costOfRevenue":"573.88","grossProfit":"496.1","sellingGeneralAdmin":"28.09","researchDevelopment":"91.42","otherOperatingExpenses":"-0.15","operatingExpenses":"119.35","operatingIncome":"376.75","interestExpense":"-3.25","interestInvestmentIncome":"16.19","earningsFromEquityInvestments":"2.86","currencyExchangeGainloss":"2.1","otherNonOperatingIncomeexpenses":"-1.26","ebtExcludingUnusualItems":"393.38","mergerRestructuringCharges":"-","impairmentOfGoodwill":"-","gainlossOnSaleOfInvestments":"0.53","gainlossOnSaleOfAssets":"-0.95","assetWritedown":"0.3","otherUnusualItems":"-3.4","pretaxIncome":"389.86","incomeTaxExpense":"35.84","earningsFromContinuingOperations":"354.03","minorityInterestInEarnings":"-0.08","netIncome":"353.95","netIncomeToCommon":"353.95","netIncomeGrowth":"-2.51%","sharesOutstandingbasic":"26","sharesOutstandingdiluted":"26","sharesChangeyoy":"-","epsbasic":"13.65","epsdiluted":"13.65","epsGrowth":"-2.50%","freeCashFlow":"154.72","freeCashFlowPerShare":"5.97","dividendPerShare":"9.500","dividendGrowth":"18.75%","grossMargin":"46.37%","operatingMargin":"35.21%","profitMargin":"33.08%","freeCashFlowMargin":"14.46%","ebitda":"657.26","ebitdaMargin":"61.43%","daForEbitda":"280.51","ebit":"376.75","ebitMargin":"35.21%","effectiveTaxRate":"9.19%"},{"fiscalQuarter":"Q3 2019","periodEnding":"Sep '19 Sep 30, 2019","revenue":"1,042.52","revenueGrowthyoy":"2.28%","costOfRevenue":"568.42","grossProfit":"474.1","sellingGeneralAdmin":"25.94","researchDevelopment":"89.47","otherOperatingExpenses":"-0.13","operatingExpenses":"115.28","operatingIncome":"358.82","interestExpense":"-3.48","interestInvestmentIncome":"17.02","earningsFromEquityInvestments":"3.12","currencyExchangeGainloss":"0.87","otherNonOperatingIncomeexpenses":"-1.21","ebtExcludingUnusualItems":"375.14","mergerRestructuringCharges":"-","impairmentOfGoodwill":"-","gainlossOnSaleOfInvestments":"0.28","gainlossOnSaleOfAssets":"-1.01","assetWritedown":"0.37","otherUnusualItems":"-2.6","pretaxIncome":"372.18","incomeTaxExpense":"30.99","earningsFromContinuingOperations":"341.19","minorityInterestInEarnings":"-0.06","netIncome":"341.13","netIncomeToCommon":"341.13","netIncomeGrowth":"-3.17%","sharesOutstandingbasic":"26","sharesOutstandingdiluted":"26","sharesChangeyoy":"-","epsbasic":"13.16","epsdiluted":"13.15","epsGrowth":"-3.22%","freeCashFlow":"197.04","freeCashFlowPerShare":"7.60","dividendPerShare":"15.000","dividendGrowth":"87.50%","grossMargin":"45.48%","operatingMargin":"34.42%","profitMargin":"32.72%","freeCashFlowMargin":"18.90%","ebitda":"648.6","ebitdaMargin":"62.21%","daForEbitda":"289.79","ebit":"358.82","ebitMargin":"34.42%","effectiveTaxRate":"8.33%"},{"fiscalQuarter":"Q2 2019","periodEnding":"Jun '19 Jun 30, 2019","revenue":"1,009.82","revenueGrowthyoy":"-0.12%","costOfRevenue":"551.78","grossProfit":"458.04","sellingGeneralAdmin":"24.78","researchDevelopment":"87.39","otherOperatingExpenses":"-0.29","operatingExpenses":"111.87","operatingIncome":"346.17","interestExpense":"-3.38","interestInvestmentIncome":"16.92","earningsFromEquityInvestments":"3.2","currencyExchangeGainloss":"0.28","otherNonOperatingIncomeexpenses":"-0.92","ebtExcludingUnusualItems":"362.28","mergerRestructuringCharges":"-","impairmentOfGoodwill":"-","gainlossOnSaleOfInvestments":"-0.3","gainlossOnSaleOfAssets":"-1.01","assetWritedown":"0.37","otherUnusualItems":"-2.6","pretaxIncome":"358.74","incomeTaxExpense":"29.55","earningsFromContinuingOperations":"329.19","minorityInterestInEarnings":"-0.05","netIncome":"329.14","netIncomeToCommon":"329.14","netIncomeGrowth":"-6.81%","sharesOutstandingbasic":"26","sharesOutstandingdiluted":"26","sharesChangeyoy":"-","epsbasic":"12.69","epsdiluted":"12.69","epsGrowth":"-6.76%","freeCashFlow":"177.54","freeCashFlowPerShare":"6.85","dividendPerShare":"12.500","dividendGrowth":"56.25%","grossMargin":"45.36%","operatingMargin":"34.28%","profitMargin":"32.59%","freeCashFlowMargin":"17.58%","ebitda":"643.69","ebitdaMargin":"63.74%","daForEbitda":"297.52","ebit":"346.17","ebitMargin":"34.28%","effectiveTaxRate":"8.24%"},{"fiscalQuarter":"Q1 2019","periodEnding":"Mar '19 Mar 31, 2019","revenue":"1,002.1","revenueGrowthyoy":"1.06%","costOfRevenue":"536.14","grossProfit":"465.96","sellingGeneralAdmin":"25.55","researchDevelopment":"85.88","otherOperatingExpenses":"-0.27","operatingExpenses":"111.17","operatingIncome":"354.79","interestExpense":"-3.14","interestInvestmentIncome":"16.11","earningsFromEquityInvestments":"2.84","currencyExchangeGainloss":"3.35","otherNonOperatingIncomeexpenses":"-3.65","ebtExcludingUnusualItems":"370.29","mergerRestructuringCharges":"-","impairmentOfGoodwill":"-","gainlossOnSaleOfInvestments":"-0.78","gainlossOnSaleOfAssets":"-1.01","assetWritedown":"-0.12","otherUnusualItems":"-2.6","pretaxIncome":"365.78","incomeTaxExpense":"31.08","earningsFromContinuingOperations":"334.71","minorityInterestInEarnings":"-0.04","netIncome":"334.66","netIncomeToCommon":"334.66","netIncomeGrowth":"-3.60%","sharesOutstandingbasic":"26","sharesOutstandingdiluted":"26","sharesChangeyoy":"-","epsbasic":"12.91","epsdiluted":"12.91","epsGrowth":"-3.54%","freeCashFlow":"246.22","freeCashFlowPerShare":"9.50","dividendPerShare":"10.000","dividendGrowth":"25.00%","grossMargin":"46.50%","operatingMargin":"35.40%","profitMargin":"33.40%","freeCashFlowMargin":"24.57%","ebitda":"649.59","ebitdaMargin":"64.82%","daForEbitda":"294.8","ebit":"354.79","ebitMargin":"35.40%","effectiveTaxRate":"8.50%"},{"fiscalQuarter":"Q4 2018","periodEnding":"Dec '18 Dec 31, 2018","revenue":"1,031.47","revenueGrowthyoy":"5.53%","costOfRevenue":"530.89","grossProfit":"500.58","sellingGeneralAdmin":"26.25","researchDevelopment":"85.9","otherOperatingExpenses":"0.78","operatingExpenses":"112.93","operatingIncome":"387.65","interestExpense":"-3.05","interestInvestmentIncome":"14.69","earningsFromEquityInvestments":"3.09","currencyExchangeGainloss":"2.44","otherNonOperatingIncomeexpenses":"-2.27","ebtExcludingUnusualItems":"402.55","mergerRestructuringCharges":"-","impairmentOfGoodwill":"-","gainlossOnSaleOfInvestments":"-0.99","gainlossOnSaleOfAssets":"-1.01","assetWritedown":"-0.42","otherUnusualItems":"-2.6","pretaxIncome":"397.54","incomeTaxExpense":"34.44","earningsFromContinuingOperations":"363.11","minorityInterestInEarnings":"-0.05","netIncome":"363.05","netIncomeToCommon":"363.05","netIncomeGrowth":"5.23%","sharesOutstandingbasic":"26","sharesOutstandingdiluted":"26","sharesChangeyoy":"-","epsbasic":"14.00","epsdiluted":"14.00","epsGrowth":"5.26%","freeCashFlow":"258.37","freeCashFlowPerShare":"9.96","dividendPerShare":"8.000","dividendGrowth":"-","grossMargin":"48.53%","operatingMargin":"37.58%","profitMargin":"35.20%","freeCashFlowMargin":"25.05%","ebitda":"677.36","ebitdaMargin":"65.67%","daForEbitda":"289.71","ebit":"387.65","ebitMargin":"37.58%","effectiveTaxRate":"8.66%"},{"fiscalQuarter":"Q3 2018","periodEnding":"Sep '18 Sep 30, 2018","revenue":"1,019.27","revenueGrowthyoy":"5.94%","costOfRevenue":"520.61","grossProfit":"498.66","sellingGeneralAdmin":"26.72","researchDevelopment":"83.42","otherOperatingExpenses":"1.54","operatingExpenses":"111.68","operatingIncome":"386.98","interestExpense":"-3.01","interestInvestmentIncome":"13.45","earningsFromEquityInvestments":"2.92","currencyExchangeGainloss":"1.5","otherNonOperatingIncomeexpenses":"-1.18","ebtExcludingUnusualItems":"400.68","mergerRestructuringCharges":"-","impairmentOfGoodwill":"0","gainlossOnSaleOfInvestments":"-0.98","gainlossOnSaleOfAssets":"-1.08","assetWritedown":"-0.49","otherUnusualItems":"-","pretaxIncome":"398.13","incomeTaxExpense":"45.75","earningsFromContinuingOperations":"352.38","minorityInterestInEarnings":"-0.06","netIncome":"352.32","netIncomeToCommon":"352.32","netIncomeGrowth":"3.17%","sharesOutstandingbasic":"26","sharesOutstandingdiluted":"26","sharesChangeyoy":"-","epsbasic":"13.59","epsdiluted":"13.59","epsGrowth":"3.25%","freeCashFlow":"326.05","freeCashFlowPerShare":"12.57","dividendPerShare":"8.000","dividendGrowth":"14.29%","grossMargin":"48.92%","operatingMargin":"37.97%","profitMargin":"34.57%","freeCashFlowMargin":"31.99%","ebitda":"671.65","ebitdaMargin":"65.90%","daForEbitda":"284.67","ebit":"386.98","ebitMargin":"37.97%","effectiveTaxRate":"11.49%"},{"fiscalQuarter":"Q2 2018","periodEnding":"Jun '18 Jun 30, 2018","revenue":"1,011.03","revenueGrowthyoy":"4.19%","costOfRevenue":"509.88","grossProfit":"501.15","sellingGeneralAdmin":"26.96","researchDevelopment":"82.58","otherOperatingExpenses":"1.8","operatingExpenses":"111.35","operatingIncome":"389.81","interestExpense":"-3.11","interestInvestmentIncome":"11.76","earningsFromEquityInvestments":"2.68","currencyExchangeGainloss":"0.6","otherNonOperatingIncomeexpenses":"-0.01","ebtExcludingUnusualItems":"401.72","mergerRestructuringCharges":"-","impairmentOfGoodwill":"-0.01","gainlossOnSaleOfInvestments":"-0.38","gainlossOnSaleOfAssets":"-1.08","assetWritedown":"-0.49","otherUnusualItems":"-","pretaxIncome":"399.75","incomeTaxExpense":"46.52","earningsFromContinuingOperations":"353.23","minorityInterestInEarnings":"-0.05","netIncome":"353.17","netIncomeToCommon":"353.17","netIncomeGrowth":"1.39%","sharesOutstandingbasic":"26","sharesOutstandingdiluted":"26","sharesChangeyoy":"-","epsbasic":"13.62","epsdiluted":"13.61","epsGrowth":"1.32%","freeCashFlow":"356.99","freeCashFlowPerShare":"13.77","dividendPerShare":"8.000","dividendGrowth":"14.29%","grossMargin":"49.57%","operatingMargin":"38.55%","profitMargin":"34.93%","freeCashFlowMargin":"35.31%","ebitda":"672.14","ebitdaMargin":"66.48%","daForEbitda":"282.33","ebit":"389.81","ebitMargin":"38.55%","effectiveTaxRate":"11.64%"},{"fiscalQuarter":"Q1 2018","periodEnding":"Mar '18 Mar 31, 2018","revenue":"991.61","revenueGrowthyoy":"1.35%","costOfRevenue":"493.29","grossProfit":"498.32","sellingGeneralAdmin":"26.72","researchDevelopment":"81.75","otherOperatingExpenses":"1.7","operatingExpenses":"110.17","operatingIncome":"388.15","interestExpense":"-3.32","interestInvestmentIncome":"12.76","earningsFromEquityInvestments":"3.03","currencyExchangeGainloss":"-2.29","otherNonOperatingIncomeexpenses":"1.59","ebtExcludingUnusualItems":"399.92","mergerRestructuringCharges":"-","impairmentOfGoodwill":"-0.01","gainlossOnSaleOfInvestments":"-0.54","gainlossOnSaleOfAssets":"-1.08","assetWritedown":"-","otherUnusualItems":"-","pretaxIncome":"398.28","incomeTaxExpense":"51.08","earningsFromContinuingOperations":"347.21","minorityInterestInEarnings":"-0.05","netIncome":"347.15","netIncomeToCommon":"347.15","netIncomeGrowth":"-2.09%","sharesOutstandingbasic":"26","sharesOutstandingdiluted":"26","sharesChangeyoy":"-","epsbasic":"13.39","epsdiluted":"13.38","epsGrowth":"-2.12%","freeCashFlow":"285.11","freeCashFlowPerShare":"10.99","dividendPerShare":"8.000","dividendGrowth":"14.29%","grossMargin":"50.25%","operatingMargin":"39.14%","profitMargin":"35.01%","freeCashFlowMargin":"28.75%","ebitda":"657.2","ebitdaMargin":"66.28%","daForEbitda":"269.06","ebit":"388.15","ebitMargin":"39.14%","effectiveTaxRate":"12.82%"},{"fiscalQuarter":"Q4 2017","periodEnding":"Dec '17 Dec 31, 2017","revenue":"977.45","revenueGrowthyoy":"3.11%","costOfRevenue":"482.62","grossProfit":"494.83","sellingGeneralAdmin":"27.17","researchDevelopment":"80.73","otherOperatingExpenses":"0.26","operatingExpenses":"108.16","operatingIncome":"386.67","interestExpense":"-3.33","interestInvestmentIncome":"9.61","earningsFromEquityInvestments":"3.01","currencyExchangeGainloss":"-1.51","otherNonOperatingIncomeexpenses":"2.74","ebtExcludingUnusualItems":"397.2","mergerRestructuringCharges":"-","impairmentOfGoodwill":"-0.01","gainlossOnSaleOfInvestments":"0.06","gainlossOnSaleOfAssets":"-1.08","assetWritedown":"-","otherUnusualItems":"-","pretaxIncome":"396.16","incomeTaxExpense":"51.12","earningsFromContinuingOperations":"345.04","minorityInterestInEarnings":"-0.04","netIncome":"345","netIncomeToCommon":"345","netIncomeGrowth":"4.00%","sharesOutstandingbasic":"26","sharesOutstandingdiluted":"26","sharesChangeyoy":"-","epsbasic":"13.30","epsdiluted":"13.30","epsGrowth":"3.99%","freeCashFlow":"254.73","freeCashFlowPerShare":"9.82","dividendPerShare":"8.000","dividendGrowth":"14.29%","grossMargin":"50.63%","operatingMargin":"39.56%","profitMargin":"35.30%","freeCashFlowMargin":"26.06%","ebitda":"644.5","ebitdaMargin":"65.94%","daForEbitda":"257.83","ebit":"386.67","ebitMargin":"39.56%","effectiveTaxRate":"12.90%"},{"fiscalQuarter":"Q3 2017","periodEnding":"Sep '17 Sep 30, 2017","revenue":"962.1","revenueGrowthyoy":"8.20%","costOfRevenue":"468.88","grossProfit":"493.23","sellingGeneralAdmin":"26.76","researchDevelopment":"79.48","otherOperatingExpenses":"0.45","operatingExpenses":"106.69","operatingIncome":"386.54","interestExpense":"-3.31","interestInvestmentIncome":"13.31","earningsFromEquityInvestments":"2.88","currencyExchangeGainloss":"2.56","otherNonOperatingIncomeexpenses":"-5.65","ebtExcludingUnusualItems":"396.33","mergerRestructuringCharges":"-","impairmentOfGoodwill":"-0.01","gainlossOnSaleOfInvestments":"0.11","gainlossOnSaleOfAssets":"0.05","assetWritedown":"-","otherUnusualItems":"-","pretaxIncome":"396.47","incomeTaxExpense":"54.94","earningsFromContinuingOperations":"341.53","minorityInterestInEarnings":"-0.04","netIncome":"341.49","netIncomeToCommon":"341.49","netIncomeGrowth":"12.64%","sharesOutstandingbasic":"26","sharesOutstandingdiluted":"26","sharesChangeyoy":"-","epsbasic":"13.17","epsdiluted":"13.16","epsGrowth":"12.56%","freeCashFlow":"184.46","freeCashFlowPerShare":"7.11","dividendPerShare":"7.000","dividendGrowth":"16.67%","grossMargin":"51.27%","operatingMargin":"40.18%","profitMargin":"35.49%","freeCashFlowMargin":"19.17%","ebitda":"630.14","ebitdaMargin":"65.50%","daForEbitda":"243.6","ebit":"386.54","ebitMargin":"40.18%","effectiveTaxRate":"13.86%"},{"fiscalQuarter":"Q2 2017","periodEnding":"Jun '17 Jun 30, 2017","revenue":"970.4","revenueGrowthyoy":"15.34%","costOfRevenue":"471.01","grossProfit":"499.39","sellingGeneralAdmin":"27.39","researchDevelopment":"77.16","otherOperatingExpenses":"0.12","operatingExpenses":"104.66","operatingIncome":"394.73","interestExpense":"-3.29","interestInvestmentIncome":"11.19","earningsFromEquityInvestments":"3.01","currencyExchangeGainloss":"2.61","otherNonOperatingIncomeexpenses":"-3.86","ebtExcludingUnusualItems":"404.39","mergerRestructuringCharges":"-","impairmentOfGoodwill":"-","gainlossOnSaleOfInvestments":"-0.23","gainlossOnSaleOfAssets":"0.05","assetWritedown":"-","otherUnusualItems":"-","pretaxIncome":"404.2","incomeTaxExpense":"55.83","earningsFromContinuingOperations":"348.37","minorityInterestInEarnings":"-0.04","netIncome":"348.33","netIncomeToCommon":"348.33","netIncomeGrowth":"23.64%","sharesOutstandingbasic":"26","sharesOutstandingdiluted":"26","sharesChangeyoy":"-","epsbasic":"13.43","epsdiluted":"13.43","epsGrowth":"23.69%","freeCashFlow":"152.03","freeCashFlowPerShare":"5.86","dividendPerShare":"7.000","dividendGrowth":"16.67%","grossMargin":"51.46%","operatingMargin":"40.68%","profitMargin":"35.89%","freeCashFlowMargin":"15.67%","ebitda":"623.62","ebitdaMargin":"64.26%","daForEbitda":"228.89","ebit":"394.73","ebitMargin":"40.68%","effectiveTaxRate":"13.81%"},{"fiscalQuarter":"Q1 2017","periodEnding":"Mar '17 Mar 31, 2017","revenue":"978.36","revenueGrowthyoy":"18.59%","costOfRevenue":"473.38","grossProfit":"504.98","sellingGeneralAdmin":"27.18","researchDevelopment":"75","otherOperatingExpenses":"-0","operatingExpenses":"102.18","operatingIncome":"402.8","interestExpense":"-3.27","interestInvestmentIncome":"6.45","earningsFromEquityInvestments":"3.28","currencyExchangeGainloss":"2.35","otherNonOperatingIncomeexpenses":"-0.14","ebtExcludingUnusualItems":"411.48","mergerRestructuringCharges":"-","impairmentOfGoodwill":"-","gainlossOnSaleOfInvestments":"0","gainlossOnSaleOfAssets":"0.01","assetWritedown":"-","otherUnusualItems":"-","pretaxIncome":"411.49","incomeTaxExpense":"56.86","earningsFromContinuingOperations":"354.63","minorityInterestInEarnings":"-0.06","netIncome":"354.56","netIncomeToCommon":"354.56","netIncomeGrowth":"22.84%","sharesOutstandingbasic":"26","sharesOutstandingdiluted":"26","sharesChangeyoy":"-","epsbasic":"13.67","epsdiluted":"13.67","epsGrowth":"22.82%","freeCashFlow":"186.9","freeCashFlowPerShare":"7.21","dividendPerShare":"7.000","dividendGrowth":"16.67%","grossMargin":"51.62%","operatingMargin":"41.17%","profitMargin":"36.24%","freeCashFlowMargin":"19.10%","ebitda":"629.1","ebitdaMargin":"64.30%","daForEbitda":"226.31","ebit":"402.8","ebitMargin":"41.17%","effectiveTaxRate":"13.82%"},{"fiscalQuarter":"Q4 2016","periodEnding":"Dec '16 Dec 31, 2016","revenue":"947.94","revenueGrowthyoy":"12.38%","costOfRevenue":"473.08","grossProfit":"474.86","sellingGeneralAdmin":"25.7","researchDevelopment":"71.21","otherOperatingExpenses":"0.05","operatingExpenses":"96.95","operatingIncome":"377.91","interestExpense":"-3.31","interestInvestmentIncome":"6.45","earningsFromEquityInvestments":"3.46","currencyExchangeGainloss":"1.16","otherNonOperatingIncomeexpenses":"0.58","ebtExcludingUnusualItems":"386.26","mergerRestructuringCharges":"-","impairmentOfGoodwill":"-","gainlossOnSaleOfInvestments":"-0.35","gainlossOnSaleOfAssets":"0.01","assetWritedown":"-","otherUnusualItems":"-","pretaxIncome":"385.92","incomeTaxExpense":"54.12","earningsFromContinuingOperations":"331.8","minorityInterestInEarnings":"-0.08","netIncome":"331.71","netIncomeToCommon":"331.71","netIncomeGrowth":"9.53%","sharesOutstandingbasic":"26","sharesOutstandingdiluted":"26","sharesChangeyoy":"-","epsbasic":"12.79","epsdiluted":"12.79","epsGrowth":"9.51%","freeCashFlow":"211.79","freeCashFlowPerShare":"8.17","dividendPerShare":"7.000","dividendGrowth":"16.67%","grossMargin":"50.09%","operatingMargin":"39.87%","profitMargin":"34.99%","freeCashFlowMargin":"22.34%","ebitda":"600.01","ebitdaMargin":"63.30%","daForEbitda":"222.1","ebit":"377.91","ebitMargin":"39.87%","effectiveTaxRate":"14.03%"},{"fiscalQuarter":"Q3 2016","periodEnding":"Sep '16 Sep 30, 2016","revenue":"889.23","revenueGrowthyoy":"3.10%","costOfRevenue":"452.57","grossProfit":"436.66","sellingGeneralAdmin":"24.03","researchDevelopment":"66.91","otherOperatingExpenses":"-0.12","operatingExpenses":"90.82","operatingIncome":"345.84","interestExpense":"-3.31","interestInvestmentIncome":"4.75","earningsFromEquityInvestments":"3.93","currencyExchangeGainloss":"-2.06","otherNonOperatingIncomeexpenses":"4.9","ebtExcludingUnusualItems":"354.04","mergerRestructuringCharges":"-2.29","impairmentOfGoodwill":"-","gainlossOnSaleOfInvestments":"0.56","gainlossOnSaleOfAssets":"0.26","assetWritedown":"2.03","otherUnusualItems":"-0","pretaxIncome":"354.6","incomeTaxExpense":"51.38","earningsFromContinuingOperations":"303.23","minorityInterestInEarnings":"-0.07","netIncome":"303.16","netIncomeToCommon":"303.16","netIncomeGrowth":"-0.32%","sharesOutstandingbasic":"26","sharesOutstandingdiluted":"26","sharesChangeyoy":"-","epsbasic":"11.69","epsdiluted":"11.69","epsGrowth":"-0.32%","freeCashFlow":"199.26","freeCashFlowPerShare":"7.68","dividendPerShare":"6.000","dividendGrowth":"33.34%","grossMargin":"49.11%","operatingMargin":"38.89%","profitMargin":"34.09%","freeCashFlowMargin":"22.41%","ebitda":"567.83","ebitdaMargin":"63.86%","daForEbitda":"221.99","ebit":"345.84","ebitMargin":"38.89%","effectiveTaxRate":"14.49%"},{"fiscalQuarter":"Q2 2016","periodEnding":"Jun '16 Jun 30, 2016","revenue":"841.33","revenueGrowthyoy":"-2.06%","costOfRevenue":"434.39","grossProfit":"406.94","sellingGeneralAdmin":"22.59","researchDevelopment":"64.67","otherOperatingExpenses":"-0.2","operatingExpenses":"87.06","operatingIncome":"319.88","interestExpense":"-3.28","interestInvestmentIncome":"4.75","earningsFromEquityInvestments":"3.98","currencyExchangeGainloss":"-1.51","otherNonOperatingIncomeexpenses":"3.55","ebtExcludingUnusualItems":"327.37","mergerRestructuringCharges":"-2.34","impairmentOfGoodwill":"-","gainlossOnSaleOfInvestments":"4.29","gainlossOnSaleOfAssets":"0.26","assetWritedown":"-0.26","otherUnusualItems":"0.43","pretaxIncome":"329.75","incomeTaxExpense":"47.99","earningsFromContinuingOperations":"281.76","minorityInterestInEarnings":"-0.03","netIncome":"281.73","netIncomeToCommon":"281.73","netIncomeGrowth":"-7.67%","sharesOutstandingbasic":"26","sharesOutstandingdiluted":"26","sharesChangeyoy":"-","epsbasic":"10.86","epsdiluted":"10.86","epsGrowth":"-7.72%","freeCashFlow":"224.46","freeCashFlowPerShare":"8.66","dividendPerShare":"6.000","dividendGrowth":"33.34%","grossMargin":"48.37%","operatingMargin":"38.02%","profitMargin":"33.49%","freeCashFlowMargin":"26.68%","ebitda":"541.77","ebitdaMargin":"64.39%","daForEbitda":"221.89","ebit":"319.88","ebitMargin":"38.02%","effectiveTaxRate":"14.55%"},{"fiscalQuarter":"Q1 2016","periodEnding":"Mar '16 Mar 31, 2016","revenue":"824.96","revenueGrowthyoy":"-1.40%","costOfRevenue":"432.66","grossProfit":"392.3","sellingGeneralAdmin":"22.42","researchDevelopment":"64.38","otherOperatingExpenses":"-0.14","operatingExpenses":"86.67","operatingIncome":"305.63","interestExpense":"-3.25","interestInvestmentIncome":"4.75","earningsFromEquityInvestments":"3.9","currencyExchangeGainloss":"-0.75","otherNonOperatingIncomeexpenses":"2.04","ebtExcludingUnusualItems":"312.33","mergerRestructuringCharges":"-2.34","impairmentOfGoodwill":"-","gainlossOnSaleOfInvestments":"24.02","gainlossOnSaleOfAssets":"0.3","assetWritedown":"-0.26","otherUnusualItems":"0.43","pretaxIncome":"334.47","incomeTaxExpense":"45.83","earningsFromContinuingOperations":"288.64","minorityInterestInEarnings":"0","netIncome":"288.64","netIncomeToCommon":"288.64","netIncomeGrowth":"1.13%","sharesOutstandingbasic":"26","sharesOutstandingdiluted":"26","sharesChangeyoy":"0.00%","epsbasic":"11.13","epsdiluted":"11.13","epsGrowth":"1.11%","freeCashFlow":"248.63","freeCashFlowPerShare":"9.59","dividendPerShare":"6.000","dividendGrowth":"33.34%","grossMargin":"47.55%","operatingMargin":"37.05%","profitMargin":"34.99%","freeCashFlowMargin":"30.14%","ebitda":"526.84","ebitdaMargin":"63.86%","daForEbitda":"221.21","ebit":"305.63","ebitMargin":"37.05%","effectiveTaxRate":"13.70%"},{"fiscalQuarter":"Q4 2015","periodEnding":"Dec '15 Dec 31, 2015","revenue":"843.5","revenueGrowthyoy":"10.58%","costOfRevenue":"433.12","grossProfit":"410.38","sellingGeneralAdmin":"22.92","researchDevelopment":"65.54","otherOperatingExpenses":"0.12","operatingExpenses":"88.59","operatingIncome":"321.79","interestExpense":"-3.19","interestInvestmentIncome":"4.75","earningsFromEquityInvestments":"4.2","currencyExchangeGainloss":"2.48","otherNonOperatingIncomeexpenses":"-2.17","ebtExcludingUnusualItems":"327.86","mergerRestructuringCharges":"-2.34","impairmentOfGoodwill":"-","gainlossOnSaleOfInvestments":"24.5","gainlossOnSaleOfAssets":"0.3","assetWritedown":"-0.26","otherUnusualItems":"0.43","pretaxIncome":"350.48","incomeTaxExpense":"47.64","earningsFromContinuingOperations":"302.83","minorityInterestInEarnings":"0.02","netIncome":"302.85","netIncomeToCommon":"302.85","netIncomeGrowth":"19.09%","sharesOutstandingbasic":"26","sharesOutstandingdiluted":"26","sharesChangeyoy":"0.00%","epsbasic":"11.68","epsdiluted":"11.68","epsGrowth":"19.09%","freeCashFlow":"272.36","freeCashFlowPerShare":"10.50","dividendPerShare":"6.000","dividendGrowth":"33.34%","grossMargin":"48.65%","operatingMargin":"38.15%","profitMargin":"35.90%","freeCashFlowMargin":"32.29%","ebitda":"542.62","ebitdaMargin":"64.33%","daForEbitda":"220.83","ebit":"321.79","ebitMargin":"38.15%","effectiveTaxRate":"13.59%"}]